% Encoding: UTF-8

@article{Daugman,
	title={How iris recognition works},
	author={J. Daugman},
	journal={IEEE Trans. Circuits Syst. Video Techn.},
	year={2004},
	volume={14},
	pages={21--30}
}


@article{Daugman2,
	author  = {J. Daugman},
	journal = {IEEE Transactions on Pattern Analysis and Machine Intelligence},
	title   = {High confidence visual recognition of persons by a test of statistical independence},
	year={1993},
	volume={15},
	number={11},
	pages={1148--1161}
}

@Article{Daugman4,

	title={The importance of being random: statistical principles of iris recognition},
	author={J. Daugman},
	journal={Pattern Recognit.},
	year={2003},
	volume={36},
	pages={279--291}
}

@Article{Adam_1,
	author  = {M. Adam and F. Rossant and others},
	journal = {Advanced Concepts for Intelligent Vision Systems Conference Proceedings},
	title   = {Reliable eyelid localization for iris
	identification},
	year    = {2008},
	pages = {1062--1070}
}

@Article{Matv,
	author  = {{Соломатин И.А.} and {Матвеев И.А.} and {Новик В.П.}},
	journal = {Автоматика и телемеханика},
	title   = {Определение видимой области радужки классификатором текстур с опорным множеством},
	year    = {2018},
	vol = {3},
	pages = {127--143}
}

@Article{Min,
  author    = {T. Min and R. Park},
  journal   = {Conference (International) on Image Processings Proceedings},
  title = {Comparison of eyelid and eyelash detection algorithms for performance
  improvement of iris recognition},
  year      = {2008},
  pages = {257--260},
}

@Article{Wildes,
  author    = {R. Wildes},
  journal   = {Proceedings of the {IEEE}},
  title     = {Iris recognition: an emerging biometric technology},
  year      = {1997},
  number    = {9},
  pages     = {1348--1363},
  volume    = {85}
}

@Article{KKX,
  author    = {Z. Xiangde and W. Qi and others},
  journal = {Chinese Control and Decision Conference Proceedings},
  title     = {Noise detection of iris image based on texture analysis},
  year      = {2009},
  pages = {2366--2370}
}

@Article{Masek,
	author  = {L. Masek},
	journal = {Measurement},
	title   = {Recognition of human iris patterns for biometric identification},
	year    = {2003},
	volume = {32},
	number = {8},
	pages = {1502--1516}
}

@Article{KP,
  author    = {B. Kang and K. Park},
  journal   = {Pattern Recognition Letters},
  title     = {A robust eyelash detection based on iris focus assessment},
  year      = {2007},
  number    = {13},
  pages     = {1630--1639},
  volume    = {28}
}

@Article{Adam_2,
	author  = {M. Adam and F. Rossant and others},
	journal = {Radioengineering},
	title   = {Eyelid localization for iris identification},
	year    = {2008},
	volume={17},
	number={4},
	pages={82--85}
}

@Article{Yang,
	author  = {L. Yang and T. Wu and others},
	journal = {Conference (International) on Computer Design and Applications Proceedings},
	title   = {Eyelid localization using asymmetric canny operator},
	year    = {2010},
	pages     = {533--535}
}

@Article{Smirn,
	author  = {{Смирнов Д.А.} and {Матвеев И.А.}},
	journal = {Труды ИСА РАН, Динамика неоднородных систем},
	title   = {Определение границ век на изображении глаза методом активных контуров},
	year    = {2006},
	volume = {25},  
	pages = {200--207}
}

@Article{Medic,
	author  = {{Вельховер Е.С.} and {Шульпина Н.Б.} and {Алиева З.А. и др.}},
	journal = {М.: Медицина},
	title   = {Иридодиагностика},
	year    = {1988},
	pages = {240}
}

@MISC{Tech,
	title = {Multiple Biometric Grand Challenge // http://www.nist.gov/itl/iad/ig/mbgc.cfm},
	year    = {2007}
}

@MISC{Terr,
	title = {Multiple Biometric Evaluation // http://www.nist.gov/itl/iad/ig/mbe.cfm},
	year    = {2009}
}

@MISC{Conf3,
	title = {Future Challenges based on the Multiple Biometric Grand Challenge // {NIST}
	Information Access Division: Multiple Biometric Grand Challenge},
	year    = {2010}
}

@Article{Canny,
  author     = {J. Canny},
  journal    = {IEEE Trans. Pattern Anal. Mach. Intell.},
  title      = {A Computational Approach to Edge Detection},
  year       = {1986},
  number     = {6},
  pages      = {679--698},
  volume     = {8},
}

@Article{Inter,
  author  = {{Дьяконов В.П.}},
  journal = {М.: Наука},
  title   = {Справочник по алгоритмам и программам на языке бейсик для персональных ЭВМ},
  year    = {1987}
}

@Article{Radon,
	author  = {S. Deans},
	journal = {New York: John Wiley and Sons},
	title   = {The Radon Transform and Some of Its Applications},
	year    = {1983}
}

@Article{Hough_Parab,
	author  = {D. Ballard},
	journal = {Pattern Recognition},
	title   = {Generalizing the Hough transform to detect arbitrary shapes},
	year    = {1981},
	volume = {13},
	number = {2},
	pages = {111--122}
}

@Article{GV,
	author  = {{Гонсалес Р.} and {Вудс Р.}},
	journal = {Техносфера},
	title   = {Цифровая обработка изображений},
	year    = {2012}
}

@Article{Nikon,
	author  = {{Никонова И.А.}},
	journal = {Альпина паблишер},
	title   = {Проектный анализ и проектное финансирование},
	year    = {2012}
}

@article{Antonov2014,
	author={{Антонов В.Г.} and {Масленников В.В.} and {Скамай Л.Г., Вачегин А.М.}},
	journal = {Палеотип},
	title={Управление рисками приоритетных инвестиционных проектов концепция и методология},
	year = {2014}
}

@Comment{jabref-meta: databaseType:bibtex;}
